<?xml version="1.0" encoding="UTF-8"?><record xmlns="http://www.loc.gov/MARC21/slim" xmlns:cinclude="http://apache.org/cocoon/include/1.0" xmlns:zs="http://www.loc.gov/zing/srw/">
  <leader>00720cz  a2200169n  4500</leader>
  <controlfield tag="001">no 98113798 </controlfield>
  <controlfield tag="003">DLC</controlfield>
  <controlfield tag="005">20001202070759.0</controlfield>
  <controlfield tag="008">981007n| acannaabn          |a aaa     c</controlfield>
  <datafield tag="010" ind1=" " ind2=" ">
    <subfield code="a">no 98113798 </subfield>
  </datafield>
  <datafield tag="035" ind1=" " ind2=" ">
    <subfield code="a">(OCoLC)oca04832207</subfield>
  </datafield>
  <datafield tag="040" ind1=" " ind2=" ">
    <subfield code="a">NmU</subfield>
    <subfield code="b">eng</subfield>
    <subfield code="c">NmU</subfield>
    <subfield code="d">OCoLC</subfield>
  </datafield>
  <datafield tag="100" ind1="1" ind2=" ">
    <subfield code="a">Albuixech, Lourdes</subfield>
  </datafield>
  <datafield tag="400" ind1="1" ind2=" ">
    <subfield code="a">Albuixech Rojas, Lourdes</subfield>
  </datafield>
  <datafield tag="400" ind1="1" ind2=" ">
    <subfield code="a">Rojas, Lourdes Albuixech</subfield>
  </datafield>
  <datafield tag="670" ind1=" " ind2=" ">
    <subfield code="a">La serrana de la vera, c1997:</subfield>
    <subfield code="b">t.p. (Lourdes Albuixech) p. 4 of cover (asst. prof., Southern Illinois Univ.; M.A. and Ph. D. in Spanish lit., Univ. of Calif., Riverside)</subfield>
  </datafield>
  <datafield tag="670" ind1=" " ind2=" ">
    <subfield code="a">OCLC #38589435, Oct. 7, 1998</subfield>
    <subfield code="b">(hdg.: Albuixech Rojas, Lourdes; usage: Lourdes Albuixech Rojas; author's Ph. D. thesis, Univ. of California, Riverside)</subfield>
  </datafield>
</record>